@inproceedings{rokon2020sourcefinder,
  title={Sourcefinder: Finding malware source-code from publicly available repositories in github},
  author={Rokon, Md Omar Faruk and Islam, Risul and Darki, Ahmad and Papalexakis, Evangelos E and Faloutsos, Michalis},
  booktitle={23rd International Symposium on Research in Attacks, Intrusions and Defenses ($\{$RAID$\}$ 2020)},
  pages={149--163},
  year={2020}
}

@article{islam2020hackerscope,
  title={HackerScope: The Dynamics of a Massive Hacker Online Ecosystem},
  author={Islam, Risul and Rokon, Md Omar Faruk and Darki, Ahmad and Faloutsos, Michalis},
  journal={arXiv preprint arXiv:2011.07222},
  year={2020}
}

@article{haq2018malware,
  title={Malware lineage in the wild},
  author={Haq, Irfan Ul and Chica, Sergio and Caballero, Juan and Jha, Somesh},
  journal={Computers \& Security},
  volume={78},
  pages={347--363},
  year={2018},
  publisher={Elsevier}
}

@inproceedings{ming2015memoized,
  title={Memoized semantics-based binary diffing with application to malware lineage inference},
  author={Ming, Jiang and Xu, Dongpeng and Wu, Dinghao},
  booktitle={IFIP International Information Security and Privacy Conference},
  pages={416--430},
  year={2015},
  organization={Springer}
}

@inproceedings{jang2013towards,
  title={Towards automatic software lineage inference},
  author={Jang, Jiyong and Woo, Maverick and Brumley, David},
  booktitle={22nd $\{$USENIX$\}$ Security Symposium ($\{$USENIX$\}$ Security 13)},
  pages={81--96},
  year={2013}
}

@article{suarez2014dendroid,
  title={Dendroid: A text mining approach to analyzing and classifying code structures in android malware families},
  author={Suarez-Tangil, Guillermo and Tapiador, Juan E and Peris-Lopez, Pedro and Blasco, Jorge},
  journal={Expert Systems with Applications},
  volume={41},
  number={4},
  pages={1104--1117},
  year={2014},
  publisher={Elsevier}
}

@article{novak2019source,
  title={Source-code similarity detection and detection tools used in academia: a systematic review},
  author={Novak, Matija and Joy, Mike and Kermek, Dragutin},
  journal={ACM Transactions on Computing Education (TOCE)},
  volume={19},
  number={3},
  pages={1--37},
  year={2019},
  publisher={ACM New York, NY, USA}
}

@article{ragkhitwetsagul2018comparison,
  title={A comparison of code similarity analysers},
  author={Ragkhitwetsagul, Chaiyong and Krinke, Jens and Clark, David},
  journal={Empirical Software Engineering},
  volume={23},
  number={4},
  pages={2464--2519},
  year={2018},
  publisher={Springer}
}
